<record><leader>00000cas a22000007a 4500</leader><controlfield tag="001">34693963</controlfield><controlfield tag="008">960508d19091925meudn ne      0    0eng d</controlfield><datafield ind1=" " ind2=" " tag="010"><subfield code="a">sn 96075032 </subfield></datafield><datafield ind1=" " ind2=" " tag="040"><subfield code="a">MBN</subfield><subfield code="b">eng</subfield><subfield code="c">MBN</subfield><subfield code="d">OCLCF</subfield><subfield code="d">OCLCO</subfield></datafield><datafield ind1="1" ind2=" " tag="029"><subfield code="a">AU@</subfield><subfield code="b">000012500847</subfield></datafield><datafield ind1=" " ind2=" " tag="042"><subfield code="a">msc</subfield></datafield><datafield ind1="0" ind2="0" tag="245"><subfield code="a">Portland evening express and daily advertiser.</subfield></datafield><datafield ind1="1" ind2="0" tag="246"><subfield code="a">Portland evening express</subfield></datafield><datafield ind1="1" ind2="3" tag="246"><subfield code="a">Evening express &amp; daily advertiser</subfield></datafield><datafield ind1=" " ind2=" " tag="260"><subfield code="a">Portland, Me. :</subfield><subfield code="b">Evening Express Pub. Co.,</subfield></datafield><datafield ind1=" " ind2=" " tag="300"><subfield code="a">v.</subfield></datafield><datafield ind1=" " ind2=" " tag="310"><subfield code="a">Daily (except Sun.)</subfield></datafield><datafield ind1="0" ind2=" " tag="362"><subfield code="a">Vol. 30, no. 47 (Dec. 6, 1909)-v. 43, no. 282 (Sept. 15, 1925).</subfield></datafield><datafield ind1=" " ind2=" " tag="580"><subfield code="a">Formed by the union of: Evening express (Portland, Me. : 1882), and: Portland daily advertiser (Portland, Me. : 1868).</subfield></datafield><datafield ind1=" " ind2=" " tag="580"><subfield code="a">Sunday ed.: Portland Sunday telegram</subfield></datafield><datafield ind1=" " ind2="0" tag="651"><subfield code="a">Portland (Me.)</subfield><subfield code="v">Newspapers.</subfield></datafield><datafield ind1=" " ind2="7" tag="655"><subfield code="a">Newspapers.</subfield><subfield code="2">fast</subfield><subfield code="0">(OCoLC)fst01423814</subfield></datafield><datafield ind1=" " ind2="7" tag="651"><subfield code="a">Maine</subfield><subfield code="z">Portland.</subfield><subfield code="2">fast</subfield><subfield code="0">(OCoLC)fst01213254</subfield></datafield><datafield ind1=" " ind2=" " tag="752"><subfield code="a">United States</subfield><subfield code="b">Maine</subfield><subfield code="c">Cumberland</subfield><subfield code="d">Portland.</subfield></datafield><datafield ind1="1" ind2=" " tag="775"><subfield code="t">Portland Sunday telegram</subfield><subfield code="w">(DLC)sn 96075171</subfield></datafield><datafield ind1="1" ind2="4" tag="780"><subfield code="t">Evening express (Portland, Me. : 1882)</subfield><subfield code="w">(DLC)sn 83016016</subfield></datafield><datafield ind1="1" ind2="4" tag="780"><subfield code="t">Portland daily advertiser (Portland, Me. : 1868)</subfield><subfield code="w">(DLC)sn 83021494</subfield></datafield><datafield ind1="0" ind2="0" tag="785"><subfield code="t">Portland evening express (Portland, Me.)</subfield><subfield code="w">(DLC)sn 96075085</subfield></datafield></record>